@article{dense_planar_slam,
  title={{Dense Planar SLAM}},
  author={Renato F. Salas-Moreno, Ben Glocker, Paul H. J. Kelly, Andrew J. Davison},
  year={2014}
}

@article{normal_est,
  title={{Comparison of Surface Normal Estimation Methods
for Range Sensing Applications}},
  author={Klaas Klasing, Daniel Althoff, Dirk Wollherr, Martin Buss},
  year={2009}
}

@article{surface_rec,
  title={{Surface Reconstruction from Unorganized Points}},
  author={Hugues Hoppe, Tony DeRose, Tom Duchampy, John McDonaldz, Werner Stuetzle},
  year={1992}
}

@article{deep_surf,
  title={{Deep Surface Normal Estimation with Hierarchical RGB-D Fusion}},
  author={Jin Zeng, Yanfeng Tong, Yunmu Huang, Qiong Yan, Wenxiu Sun, Jing Chen, Yongtian Wang},
  year={2019}
}

@article{deep_depth_compl,
  title={{Deep Depth Completion of a Single RGB-D Image}},
  author={Yinda Zhang, Thomas Funkhouser},
  year={2018}
}

@article{fcn,
  title={{Fully Convolutional Networks for Semantic Segmentation}},
  author={Jonathan Long, Evan Shelhamer, Trevor Darrell},
  year={2015}
}

@article{unet,
  title={{U-Net: Convolutional Networks for Biomedical
Image Segmentation}},
  author={Olaf Ronneberger, Philipp Fischer, Thomas Brox},
  year={2015}
}

@article{matterport,
  title={{Matterport3D: Learning from RGB-D Data in Indoor Environments}},
  author={Angel Chang, Angela Dai, Thomas Funkhouser, et al.},
  year={2017}
}

@article{physically-based-rendering,
  title={{Physically-Based Rendering for Indoor Scene Understanding Using Convolutional Neural Networks}},
  author={Yinda Zhang, Shuran Song, Ersin Yumer, Manolis Savva, Joon-Young Lee, Hailin Jin, Thomas Funkhouser},
  year={2017}
}

@article{integral-image,
  title={{Summed-Area Tables for Texture Mapping}},
  author={Franklin C. Crow},
  year={1984}
}